@article{oberstone2009differentiating,
  title={Differentiating the top {E}nglish premier league football clubs from
   the rest of the pack: {I}dentifying the keys to success},
  author={Oberstone, Joel},
  journal={Journal of Quantitative Analysis in Sports},
  volume={5},
  number={3},
  year={2009},
  publisher={De Gruyter}
}

@article{talovic2018strength,
  title={Strength asymmetry differences between premier league and first league football referees},
  author={Talovi{\'c}, Munir and Denis, {\v{C}}au{\v{s}}evi{\'c} and Ali{\'c}, Haris and Jele{\v{s}}kovi{\'c}, Eldin and Enes, {\DJ}ozi{\'c} and Ormanovi{\'c}, {\v{S}}emso and Lakota, Rasim and Nurkovi{\'c}, Nermin and Rai{\v{c}}kovi{\'c}, Niko and {\v{C}}ovi{\'c}, Nedim},
  journal={Acta Kinesiologica},
  volume={1},
  pages={86--92},
  year={2018}
}

